<?xml version="1.0" encoding="UTF-8"?><collection xmlns="http://www.loc.gov/MARC21/slim"><record><leader>00500nam--2200181-i-4500</leader><controlfield tag="001">000048224</controlfield><controlfield tag="002">20161230</controlfield><controlfield tag="005">20170116134956</controlfield><controlfield tag="008">060222s1000------------r-----000-0-rum-d</controlfield><datafield ind1=" " ind2=" " tag="040"><subfield code="a">IFIN-HH</subfield></datafield><datafield ind1=" " ind2=" " tag="041"><subfield code="a">rum</subfield></datafield><datafield ind1=" " ind2=" " tag="080"><subfield code="a">531.8:621(043)</subfield></datafield><datafield ind1="1" ind2=" " tag="100"><subfield code="a">Zamfir,Vasile</subfield></datafield><datafield ind1="1" ind2="0" tag="245"><subfield code="a">Contributii la analiza si sinteza mecanismelor cu bare si elemente dintate</subfield><subfield code="b">Rezumatul tezei</subfield><subfield code="c">Vasile Zamfir</subfield></datafield><datafield ind1=" " ind2=" " tag="260"><subfield code="a">Bucuresti</subfield><subfield code="b">Ifa</subfield><subfield code="c">1977</subfield></datafield><datafield ind1=" " ind2=" " tag="300"><subfield code="a">24 P</subfield></datafield><datafield ind1=" " ind2=" " tag="852"><subfield code="a">48654</subfield><subfield code="c">531</subfield></datafield><datafield ind1=" " ind2=" " tag="CAT"><subfield code="a">SYS</subfield><subfield code="c">20170116</subfield><subfield code="h">134956</subfield></datafield></record></collection>